% This file was created with Citavi 5.6.0.2


